@book{miller2014john,
  title={John E. Freund's mathematical statistics with applications},
  author={Miller, Irwin and Miller, Marylees and Freund, John E},
  year={2014},
  publisher={Boston: Pearson,}
}

@book{gelman2013bayesian,
  title={Bayesian data analysis},
  author={Gelman, Andrew and Stern, Hal S and Carlin, John B and Dunson, David B and Vehtari, Aki and Rubin, Donald B},
  year={2013},
  publisher={Chapman and Hall/CRC}
}

@article{nakagawa2013general,
  title={A general and simple method for obtaining R2 from generalized linear mixed-effects models},
  author={Nakagawa, Shinichi and Schielzeth, Holger},
  journal={Methods in Ecology and Evolution},
  volume={4},
  number={2},
  pages={133--142},
  year={2013},
  publisher={Wiley Online Library}
}

@article{berger1988statistical,
  title={Statistical analysis and the illusion of objectivity},
  author={Berger, James O and Berry, Donald A},
  journal={American Scientist},
  volume={76},
  number={2},
  pages={159--165},
  year={1988},
  publisher={JSTOR}
}
